/home/ipoole/MendeleyBibFiles/OvarianCancer.bib